<?xml version='1.0' encoding='UTF-8'?>
<record xmlns="http://www.loc.gov/MARC21/slim">
  <leader>00956cam a2200229 a 4500</leader>
  <controlfield tag="001">2764869</controlfield>
  <controlfield tag="003">NjP</controlfield>
  <controlfield tag="005">20171010174625.0</controlfield>
  <controlfield tag="008">920109s1936    sy c          010 0 ara d</controlfield>
  <datafield tag="024" ind1="7" ind2=" ">
    <subfield code="a">princeton_aco002361</subfield>
    <subfield code="2">local</subfield>
  </datafield>
  <datafield ind1=" " ind2=" " tag="035">
    <subfield code="a">(OCoLC)ocm25069726</subfield>
  </datafield>
  <datafield ind1=" " ind2=" " tag="035">
    <subfield code="9">CNG0270TS</subfield>
  </datafield>
  <datafield ind1=" " ind2=" " tag="040">
    <subfield code="a">Recon MBB</subfield>
    <subfield code="c">MBB</subfield>
    <subfield code="d">PUL</subfield>
  </datafield>
  <datafield ind1="0" ind2=" " tag="041">
    <subfield code="a">aramul</subfield>
  </datafield>
  <datafield ind1="1" ind2=" " tag="100">
    <subfield code="a">Chuqqī, Murād Fuʾād.</subfield>
  </datafield>
  <datafield ind1="1" ind2="0" tag="245">
    <subfield code="a">Naʻūm Fāʾiq :</subfield>
    <subfield code="b">dhikrá wa-takhlīd /</subfield>
    <subfield code="c">bi-qalam Murād Fūʾad Chuqqī.</subfield>
  </datafield>
  <datafield ind1=" " ind2=" " tag="260">
    <subfield code="a">Damascus :</subfield>
    <subfield code="b">Matbaʻah al-Ḥadīth,</subfield>
    <subfield code="c">1936.</subfield>
  </datafield>
  <datafield ind1=" " ind2=" " tag="300">
    <subfield code="a">383 p. :</subfield>
    <subfield code="b">port. ;</subfield>
    <subfield code="c">24 cm.</subfield>
  </datafield>
  <datafield ind1=" " ind2=" " tag="500">
    <subfield code="a">A collection of eulogies, with an account of Naʻʻūm Fāʾiq's life and selections from his writings, ed by Murā Fuʾād Chaqi.</subfield>
  </datafield>
  <datafield ind1="1" ind2="0" tag="600">
    <subfield code="a">Faik, Naum,</subfield>
    <subfield code="d">1868-1930.</subfield>
    <subfield code="0">http://id.loc.gov/authorities/names/n95114236</subfield>
  </datafield>
  <datafield ind1="1" ind2=" " tag="700">
    <subfield code="a">Faik, Naum,</subfield>
    <subfield code="d">1868-1930.</subfield>
    <subfield code="0">http://id.loc.gov/authorities/names/n95114236</subfield>
  </datafield>
  <datafield ind1=" " ind2=" " tag="945">
    <subfield code="a">F</subfield>
    <subfield code="b">1</subfield>
    <subfield code="c">2248.33.831</subfield>
  </datafield>
  <datafield ind1=" " ind2=" " tag="911">
    <subfield code="a">20000130</subfield>
  </datafield>
  <datafield ind1="0" ind2="0" tag="852">
    <subfield code="0">3075660</subfield>
    <subfield code="b">nec</subfield>
    <subfield code="t">1</subfield>
    <subfield code="h">DR592.F35</subfield>
    <subfield code="i">C487 1936</subfield>
  </datafield>
  <datafield ind1=" " ind2=" " tag="959">
    <subfield code="a">2007-10-10 17:46:16 -0400</subfield>
  </datafield>
</record>
